@online{DataCamp,
author = {DataCamp},
mendeley-groups = {chap3},
title = {{Machine Learning {\&} Deep Learning}},
url = {https://www.datacamp.com/community/tutorials/machine-deep-learning}
}

@online{SAS,
	author = {SAS},
	mendeley-groups = {chap3},
	title = {{Machine Learning: What it is and why it matters | SAS}},
	url = {https://www.sas.com/en{\_}us/insights/analytics/machine-learning.html},
	urldate = {2019-12-09}
}

@online{mlwiki,
	author = {Wikipedia},
	mendeley-groups = {chap3},
	title = {{Machine learning - Wikipedia}},
	url = {https://en.wikipedia.org/wiki/Machine{\_}learning},
	urldate = {2019-12-09}
}

@online{TDSmarkov,
	author = {{Towards Data Science}},
	mendeley-groups = {chap3},
	title = {{Reinforcement Learning Demystified: Markov Decision Processes (Part 1)}},
	url = {https://towardsdatascience.com/reinforcement-learning-demystified-markov-decision-processes-part-1-bf00dda41690},
	urldate = {2019-12-09}
}

@misc{dl,
	author = {{Deep Learning}},
	mendeley-groups = {chap3},
	title = {{Deep Learning}},
	url = {http://deeplearning.net/},
	urldate = {2019-12-09}
}
@misc{dlwiki,
	author = {Wikipedia},
	mendeley-groups = {chap3},
	title = {{Deep learning - Wikipedia}},
	url = {https://en.wikipedia.org/wiki/Deep{\_}learning},
	urldate = {2019-12-09}
}
