@misc{ResearchGate,
	author = {ResearchGate},
	title = {{ResearchGate | Find and share research}},
	url = {https://www.researchgate.net/}
}
@online{MicrosoftAcademic,
	author = {Microsoft},
	title = {{Home | Microsoft Academic}},
	url = {https://academic.microsoft.com/home}
}
@online{GoogleScholar,
	author = {Google},
	title = {{Google Scholar}},
	url = {https://scholar.google.com/}
}
@online{UPCommons,
author = {{Universitat Polit{\`{e}}cnica de Cataluya}},
title = {{P{\`{a}}gina inicial de UPCommons}},
url = {https://upcommons.upc.edu/}
}
@online{DDDUAB,
author = {{Universitat Aut{\`{o}}noma de Barcelona}},
title = {{Dip{\`{o}}sit Digital de Documents de la UAB}},
url = {https://ddd.uab.cat/}
}
@online{eRepositoriUPF,
	author = {{Universitat Pompeu Fabra}},
	title = {{e-Repositori UPF}},
	url = {https://repositori.upf.edu/}
}
@online{Medium,
	author = {Medium},
	title = {{Medium – Get smarter about what matters to you.}},
	url = {https://medium.com/}
}
@online{TutorialsPoint,
	author = {{Tutorials Point}},
	title = {{Tutorials Point – The Biggest Online Tutorials Library}},
	url = {https://www.tutorialspoint.com/index.htm}
}
@online{StackOverflow,
	author = {{Stack Overflow}},
	title = {{Stack Overflow - Where Developers Learn, Share, {\&} Build Careers}},
	url = {https://stackoverflow.com/}
}
@online{GitHub,
	author = {GitHub},
	title = {{The world's leading software development platform {\textperiodcentered} GitHub}},
	url = {https://github.com/}
}
@online{ArXiv,
	author = {ArXiv.org},
	title = {{arXiv.org e-Print archive}},
	url = {https://arxiv.org/}
}
@online{LaTeX,
	author = {LaTeX},
	title = {{LaTeX - A document preparation system}},
	url = {https://www.latex-project.org/}
}
