@online{LiveScience,
author = {{Live Science}},
mendeley-groups = {chap1},
title = {{A Brief History of Artificial Intelligence | Live Science}},
url = {https://www.livescience.com/49007-history-of-artificial-intelligence.html},
urldate = {2019-12-09}
}

@online{Breuhist,
mendeley-groups = {chap1},
title = {{Breve historia de la inteligencia artificial: el camino hacia la empresa}},
url = {http://asesoresdepymes.com/breve-historia-la-inteligencia-artificial-camino-hacia-la-empresa/},
urldate = {2019-12-09}
}

@online{aiwiki,
	author = {Wikipedia},
	mendeley-groups = {chap1},
	title = {{Historia de la inteligencia artificial - Wikipedia, la enciclopedia libre}},
	url = {https://es.wikipedia.org/wiki/Historia{\_}de{\_}la{\_}inteligencia{\_}artificial},
	urldate = {2019-12-09}
}

@online{NationalGeographic,
	author = {{National Geographic}},
	mendeley-groups = {chap1},
	title = {{Breve historia visual de la inteligencia artificial}},
	url = {https://www.nationalgeographic.com.es/ciencia/breve-historia-visual-inteligencia-artificial{\_}14419},
	urldate = {2019-12-09}
}

@online{aitutor,
	author = {{Tutorials Point}},
	mendeley-groups = {chap2},
	title = {{AI with Python Primer Concept - Tutorialspoint}},
	url = {https://www.tutorialspoint.com/artificial{\_}intelligence{\_}with{\_}python/artificial{\_}intelligence{\_}with{\_}python{\_}primer{\_}concepts.htm},
	urldate = {2019-12-09}
}

@online{aiwiki,
	author = {Wikipedia},
	mendeley-groups = {chap2},
	title = {{Artificial intelligence - Wikipedia}},
	url = {https://en.wikipedia.org/wiki/Artificial{\_}intelligence},
	urldate = {2019-12-09}
}

@misc{edureka,
	author = {Edureka},
	mendeley-groups = {chap2,chap3},
	title = {{What Are The Types Of Artificial Intelligence? | Branches of AI | Edureka}},
	url = {https://www.edureka.co/blog/types-of-artificial-intelligence/},
	urldate = {2019-12-09}
}

