@online{MNIST,
	author = {{Yann LeCun, Corinna Cortes}, Chris Burges},
	title = {{MNIST handwritten digit database}},
	url = {http://yann.lecun.com/exdb/mnist/}
}

@online{TensorFlow,
	author = {TensorFlow},
	title = {{TensorFlow}},
	url = {https://www.tensorflow.org/}
}

@online{Keras,
	author = {Keras},
	title = {{Keras Documentation}},
	url = {https://keras.io/}
}

@online{PyTorch,
	author = {PyTorch},
	title = {{PyTorch}},
	url = {https://pytorch.org/}
}

@online{Pillow,
	author = {Pillow},
	title = {{Pillow — Pillow (PIL Fork) 6.2.1 documentation}},
	url = {https://pillow.readthedocs.io/en/stable/},
	urldate = {2019-12-08}
}

@online{NumPy,
	author = {NumPy},
	title = {{NumPy — NumPy}},
	url = {https://numpy.org/},
	urldate = {2019-12-08}
}

@online{backprop,
	author = {Medium},
	title = {{Neural networks and back-propagation explained in a simple way}},
	url = {https://medium.com/datathings/neural-networks-and-backpropagation-explained-in-a-simple-way-f540a3611f5e},
	urldate = {2019-12-08}
}

@online{Ml4a,
	author = {Ml4a},
	title = {{Looking inside neural nets}},
	url = {https://ml4a.github.io/ml4a/looking{\_}inside{\_}neural{\_}nets/},
	urldate = {2019-12-08}
}

@online{Python,
	author = {Python},
	mendeley-groups = {chap5},
	title = {{Welcome to Python.org}},
	url = {https://www.python.org/},
	urldate = {2019-12-08}
}

@online{Anaconda,
	author = {Anaconda},
	mendeley-groups = {chap5},
	title = {{Anaconda | The World's Most Popular Data Science Platform}},
	url = {https://www.anaconda.com/},
	urldate = {2019-12-08}
}

@online{TDS10,
	author = {{Towards Data Science}},
	mendeley-groups = {chap5},
	title = {{Top 10 Best Deep Learning Frameworks in 2019 - Towards Data Science}},
	url = {https://towardsdatascience.com/top-10-best-deep-learning-frameworks-in-2019-5ccb90ea6de},
	urldate = {2019-12-08}
}

@online{Jupyter,
	author = {Jupyter},
	mendeley-groups = {chap5},
	title = {{Project Jupyter | Home}},
	url = {https://jupyter.org/},
	urldate = {2019-12-08}
}

@online{mygithub,
	author = {{Stepiii}},
	title = {{Stepiii/ai}},
	url = {https://github.com/Stepiii/ai}
}

